@ARTICLE{ref1, 
	author={John Doe}, 
	journal={An example journal}, 
	title={Computer Organization}, 
	year={2020}, 
	volume={22}, 
	number={4}, 
	pages={10-16}, 
	month={February},}